<?xml version="1.0" encoding="UTF-8"?>
<record xmlns="http://www.loc.gov/MARC21/slim" xmlns:xsi="http://www.w3.org/2001/XMLSchema-instance" xsi:schemaLocation="http://www.loc.gov/MARC21/slim http://www.loc.gov/standards/marcxml/schema/MARC21slim.xsd">
<leader>     nam a2200277   4500</leader>
<controlfield tag="001">002818855</controlfield>
<controlfield tag="003">NNU</controlfield>
<controlfield tag="005">19940713181853.0</controlfield>
<controlfield tag="008">870520s1969    iq            000 0barar</controlfield>
<datafield tag="010" ind1=" " ind2=" ">
<subfield code="a">70232299</subfield>
</datafield>
<datafield tag="020" ind1=" " ind2=" ">
<subfield code="c">.700</subfield>
</datafield>
<datafield tag="035" ind1="9" ind2=" ">
<subfield code="a">NYUb10526419</subfield>
</datafield>
<datafield tag="035" ind1=" " ind2=" ">
<subfield code="a">(CStRLIN)NYUG87-B16636</subfield>
</datafield>
<datafield tag="035" ind1=" " ind2=" ">
<subfield code="a">GLIS005264192</subfield>
</datafield>
<datafield tag="040" ind1=" " ind2=" ">
<subfield code="c">NN</subfield>
<subfield code="d">NN</subfield>
<subfield code="d">NNU</subfield>
</datafield>
<datafield tag="050" ind1=" " ind2="0">
<subfield code="a">PJ7741.I86</subfield>
<subfield code="b">A6 1969</subfield>
</datafield>
<datafield tag="090" ind1=" " ind2=" ">
<subfield code="i">05/20/87 CT</subfield>
</datafield>
<datafield tag="100" ind1="1" ind2=" ">
<subfield code="a">Ibn Harmah, Ibrāhīm ibn ʻAlī,</subfield>
<subfield code="d">709-792 or 3.</subfield>
</datafield>
<datafield tag="245" ind1="1" ind2="0">
<subfield code="a">Dīwān Ibrāhīm ibn Harmah.</subfield>
<subfield code="c">Taḥqīq Muḥammad Jabbār al-Mu aybid.</subfield>
</datafield>
<datafield tag="260" ind1=" " ind2=" ">
<subfield code="a">[Baghdād,</subfield>
<subfield code="b">Maktabat al-Andalus]</subfield>
<subfield code="c">1969.</subfield>
</datafield>
<datafield tag="300" ind1=" " ind2=" ">
<subfield code="a">352 p.</subfield>
<subfield code="c">25 cm.</subfield>
</datafield>
<datafield tag="500" ind1=" " ind2=" ">
<subfield code="a">Bibliography: p. 287-311.</subfield>
</datafield>
<datafield tag="700" ind1="1" ind2=" ">
<subfield code="a">Muʻaybid, Muḥammad Jabbār.</subfield>
</datafield>
<datafield tag="OWN" ind1=" " ind2=" ">
<subfield code="a">GENERAL</subfield>
</datafield>
<datafield tag="910" ind1=" " ind2=" ">
<subfield code="a">Relator deleted from field 700.</subfield>
</datafield>
<datafield tag="950" ind1=" " ind2=" ">
<subfield code="l">BMAIN</subfield>
<subfield code="a">PJ7700.I14</subfield>
<subfield code="b">A6 1969</subfield>
<subfield code="i">05/20/87 C</subfield>
</datafield>
<datafield tag="955" ind1=" " ind2=" ">
<subfield code="l">BMAIN</subfield>
<subfield code="c">1</subfield>
<subfield code="r">012413574</subfield>
<subfield code="i">05/20/87 C</subfield>
</datafield>
<datafield tag="998" ind1=" " ind2=" ">
<subfield code="a">05/20/87</subfield>
<subfield code="t">c</subfield>
<subfield code="s">1665</subfield>
<subfield code="n">NNU</subfield>
<subfield code="w">NYPG814265167B</subfield>
<subfield code="d">05/20/87</subfield>
<subfield code="b">DR</subfield>
<subfield code="i">870520</subfield>
<subfield code="l">NYUG</subfield>
</datafield>
<datafield tag="AVA" ind1=" " ind2=" ">
<subfield code="a">NYU50</subfield>
<subfield code="b">BOBST</subfield>
<subfield code="c">Main Collection</subfield>
<subfield code="d">PJ7700.I14 A6 1969</subfield>
<subfield code="e">unavailable</subfield>
<subfield code="t">Unavailable</subfield>
<subfield code="f">1</subfield>
<subfield code="g">1</subfield>
<subfield code="h">N</subfield>
<subfield code="i">0</subfield>
<subfield code="j">MAIN</subfield>
</datafield>
</record>
